@inproceedings{Floyd:Interflam2010,
	Author = {Floyd, J. and McDermott, R.},
	Booktitle = {Proceedings of the Twelfth International Interflam Conference},
	Publisher = {Interscience Communications, London},
	Title = {{Modeling Soot Deposition Using Large Eddy Simulation with a Mixture Fraction Based Framework}},
	Year = {2010}}

@article{Butler:2004p433,
	Author = {Butler, KM and Mulholland, GW},
	Journal = {Fire Technology},
	Number = {2},
	Pages = {149--176},
	Title = {{Generation and Transport of Smoke Components}},
	Volume = {40},
	Year = {2004}}

@book{friedlander2000smoke,
	Author = {Friedlander, S.K.},
	Date-Added = {2013-01-21 04:35:51 +0000},
	Date-Modified = {2013-01-21 04:35:51 +0000},
	Publisher = {Oxford University Press, Inc.},
	Title = {{Smoke, Dust, and Haze: Fundamentals of Aerosol Dynamics}},
	Year = {2000}}

@article{kennedy1997models,
	Author = {Kennedy, I.M.},
	Date-Added = {2013-02-05 05:38:36 +0000},
	Date-Modified = {2013-02-05 05:38:36 +0000},
	Journal = {Progress in Energy and Combustion Science},
	Number = {2},
	Pages = {95--132},
	Publisher = {Elsevier},
	Title = {{Models of soot formation and oxidation}},
	Volume = {23},
	Year = {1997}}

@article{PhysRevLett.80.1782,
  title = {{Aerogelation in a Flame Soot Aerosol}},
  author = {Sorensen, C. and Hageman, W. and Rush, T. and Huang, H. and Oh, C.},
  journal = {Phys. Rev. Lett.},
  volume = {80},
  number = {8},
  pages = {1782--1785},
  year = {1998},
  doi = {10.1103/PhysRevLett.80.1782},
  url = {http://link.aps.org/doi/10.1103/PhysRevLett.80.1782},
  publisher = {American Physical Society}
}

@article{doi:10.1021/la034063h,
	Author = {Sorensen, C and Kim, W and Fry, D and Shi, D and Chakrabarti, A},
	Doi = {10.1021/la034063h},
	Eprint = {http://pubs.acs.org/doi/pdf/10.1021/la034063h},
	Journal = {Langmuir},
	Number = {18},
	Pages = {7560-7563},
	Title = {{Observation of Soot Superaggregates with a Fractal Dimension of 2.6 in Laminar Acetylene/Air Diffusion Flames}},
	Url = {http://pubs.acs.org/doi/abs/10.1021/la034063h},
	Volume = {19},
	Year = {2003}
}

@article{Kearney20123191,
	Author = {S Kearney and F Pierce},
	Doi = {10.1016/j.combustflame.2012.04.011},
	Issn = {0010-2180},
	Journal = {Combustion and Flame},
	Keywords = {Fractal},
	Number = {10},
	Pages = {3191-3198},
	Title = {{Evidence of soot superaggregates in a turbulent pool fire}},
	Url = {http://www.sciencedirect.com/science/article/pii/S0010218012001502},
	Volume = {159},
	Year = {2012}}

@inproceedings{Gottuk:IAFSS2008,
	Author = {D. Gottuk and C. Mealy and J. Floyd},
	Booktitle = {Fire Safety Science -- Proceedings of the Ninth International Symposium},
	Pages = {129-140},
	Publisher = {International Association for Fire Safety Science},
	Title = {{Smoke Transport and FDS Validation}},
	Year = {2008}}

@mastersthesis{Cohan:Masters,
	Author = {Cohan, B.D.},
	School = {University of Maryland},
	Title = {{Verification And Validation Of A Candidate Soot Deposition Model In Fire Dynamics Simulator Version 5.5.1}},
	Year = {2010}}

@phdthesis{Riahi:2011,
	Address = {Washington, DC},
	Author = {S. Riahi},
	School = {The George Washington University},
	Title = {{New Tools for Smoke Residue and Deposition Analysis}},
	Year = {2011}}

@techreport{Hamins:SP1013-1,
	Address = {Gaithersburg, Maryland},
	Author = {Hamins, A. and Maranghides, A. and Johnsson, R. and Donnelly, M. and Yang, G. and Mulholland, G. and Anleitner, R.L.},
	Institution = {National Institute of Standards and Technology},
	Month = {May},
	Note = {Joint Publication of NIST and the US Nuclear Regulatory Commission (NUREG/CR-6905)},
	Number = {1013-1},
	Title = {{Report of Experimental Results for the International Fire Model Benchmarking and Validation Exercise 3}},
	Type = {NIST Special Publication},
	Year = {2006}}

@manual{FDS_Math_Guide,
  author = {K. McGrattan and S. Hostikka and R. McDermott and J. Floyd and C. Weinschenk and K. Overholt},
  title = {{Fire Dynamics Simulator, Technical Reference Guide, Volume 1: Mathematical Model}},
  organization = "National Institute of Standards and Technology, Gaithersburg, Maryland, USA, and VTT Technical Research Centre of Finland, Espoo, Finland",
  year = 2013,
  month = "September",
  type   = "NIST Special Publication",
  number = "1018",
  edition = {sixth}
  }

@manual{FDS_Verification_Guide,
  author = {K. McGrattan and S. Hostikka and R. McDermott and J. Floyd and C. Weinschenk and K. Overholt},
  title = {{Fire Dynamics Simulator, Technical Reference Guide, Volume 2: Verification}},
  organization = "National Institute of Standards and Technology, Gaithersburg, Maryland, USA, and VTT Technical Research Centre of Finland, Espoo, Finland",
  year = 2013,
  month = "September",
  type   = "NIST Special Publication",
  number = "1018",
  edition = {sixth}
}

 @manual{FDS_Validation_Guide,
  author = {K. McGrattan and S. Hostikka and R. McDermott and J. Floyd and C. Weinschenk and K. Overholt},
  title = {{Fire Dynamics Simulator, Technical Reference Guide, Volume 3: Validation}},
  organization = "National Institute of Standards and Technology, Gaithersburg, Maryland, USA, and VTT Technical Research Centre of Finland, Espoo, Finland",
  year = 2013,
  month = "September",
  type   = "NIST Special Publication",
  number = "1018",
  edition = {sixth}
  }

@inproceedings{Hu:1,
	Address = {University of Maryland, College Park, Maryland, USA},
	Author = {Hu, X. and Wang, Z. and Jia, F. and Galea, E.R. and Patel, M.K.},
	Booktitle = {Fire Safety Science -- Proceedings of the 10th International Symposium},
	Pages = {445-458},
	Title = {{Simulating Smoke Transport in Large Scale Enclosure Fires Using a Multi-Particle-Size Model}},
	Year = {2011}}

@techreport{Bixler:1,
	Address = {Washington, DC},
	Author = {Bixler, N.},
	Institution = {US Nuclear Regulatory Commission},
	Number = {6131},
	Title = {{VICTORIA 2.0: A Mechanistic Model for Radionuclide Behavior in a Reactor Coolant System Under Severe Accident Conditions}},
	Type = {NUREG/CR},
	Year = {1998}}

@book{Davies_Charles,
	Address = {London},
	Author = {Davies, C.},
	Publisher = {Academic Press},
	Title = {{Aerosol Science}},
	Year = {1966}}

@article{Cunningham:1,
	Author = {Cunningham, E.},
	Journal = {Proc. Roy. Soc. A},
	Pages = {357},
	Title = {{On the Velocity of Steady Fall of Spherical Particles}},
	Volume = {83},
	Year = {1910}}

@phdthesis{Sippola:2002,
	Address = {Berkeley, California},
	Author = {M. Sippola},
	School = {University of California, Berkeley},
	Title = {{Particle Deposition in Ventilation Ducts}},
	Year = {2002}}

@article{Sippola:2010,
	Author = {M. Sippola and Nazaroff, W.W.},
	Journal = {Aerosol Science and Technology},
	Pages = {914-925},
	Title = {{Experiments Measuring Particle Deposition from Fully Developed Turbulent Flow in Ventilation Ducts}},
	Volume = {38},
	Year = {2010}}

@techreport{Sippola:1,
	Address = {Berkeley, California},
	Author = {Sippola, M. and Nazaroff, W.},
	Institution = {Lawrence Berkeley National Laboratory},
	Number = {51432},
	Title = {{Particle Deposition from Turbulent Flow: Review of Published Research and Its Applicability to Ventilation Ducts in Commercial Buildings}},
	Type = {LBNL Report},
	Year = {2002}}

@article{Brock:1,
	Author = {Brock, J.},
	Journal = {J. Coll. Sci.},
	Pages = {768-780},
	Title = {{On the Theory of Thermal Forces Acting on Aerosol Particles}},
	Volume = {17},
	Year = {1962}}

@article{McCoy_Hanratty,
	Author = {McCoy, D. and Hanratty, T.},
	Journal = {Int. J. Multiphase Flow},
	Pages = {319-331},
	Title = {{Rate of Deposition of Droplets in Annular Two-Phase Flow}},
	Volume = {3},
	Year = {1977}}

@inproceedings{Ludwig_ICONE,
	Author = {W. Ludwig and K. Lehtinen and J. Pyykonen and D. Brown and J. Paraled and J. Jokiniemi and R. Gamble},
	Booktitle = {8th International Conference on Nuclear Engineering},
	Publisher = {American Society of Mechanical Engineers},
	Title = {{CFD Simulation on Aerosol Impaction and Deposition Analysis in a Passive Containment Condenser}},
	Year = {2000}}

@phdthesis{Overholt:Dissertation,
	Author = {Overholt, K.J.},
	Date-Added = {2013-08-29 00:37:33 +0000},
	Date-Modified = {2013-08-29 00:40:05 +0000},
	School = {The University of Texas at Austin},
	Title = {{Forward and Inverse Modeling of Fire Physics Towards Fire Scene Reconstructions}},
	Type = {{Ph.D.} dissertation},
	Year = {2013}}

