@TECHREPORT{NUREG_1824,
  author       = {K. Hill and J. Dreisbach and F. Joglar and B. Najafi and K. McGrattan and R. Peacock and A. Hamins},
  title        = {{Verification and Validation of Selected Fire Models for Nuclear Power Plant Applications}},
  institution  = {United States Nuclear Regulatory Commission},
  year         = {2007},
  type         = {{NUREG}-1824},
  address      = {Washington, DC},
  note         = {EPRI 1011999}
}

@TECHREPORT{NUREG_1824_Sup_1,
  author       = {D. Stroup and A. Lindeman},
  title        = {{Verification and Validation of Selected Fire Models for Nuclear Power Plant Applications}},
  institution  = {United States Nuclear Regulatory Commission},
  year         = {2013},
  type         = {{NUREG}-1824, Supplement~1},
  address      = {Washington, DC},
  note         = {EPRI 1011999}
}

@TECHREPORT{NUREG_1934,
  author       = {M.H. Salley and R. Wachowiak},
  title        = {{Nuclear Power Plant Fire Modeling Analysis Guidelines}},
  institution  = {United States Nuclear Regulatory Commission},
  year         = {2007},
  type         = {{NUREG}-1934},
  address      = {Washington, DC},
  note         = {EPRI 1023259}
}

@techreport{CFAST_Users_Guide_6,
    Address = {Gaithersburg, Maryland},
    Author = {Peacock, R. D. and Jones, W. W. and Reneke, P. A. and Forney, G. P.},
    Date-Added = {2008-02-21 12:45:02 -0500},
    Date-Modified = {2008-07-01 14:45:58 -0400},
    Institution = {National Institute of Standards and Technology},
    Month = {December},
    Number = {1041},
    Title = {{CFAST} -- {Consolidated Model of Fire Growth and Smoke Transport (Version 6): User's Guide}},
    Type = {Special Publication},
    Year = 2005}

@techreport{CFAST_Tech_Guide_6,
        Address = {Gaithersburg, Maryland},
        Author = {Peacock, R. D. and Forney, G. P. and Reneke, P. A.},
        Date-Added = {2008-02-21 09:34:21 -0500},
        Date-Modified = {2011-06-30 09:34:15 -0400},
        Institution = {National Institute of Standards and Technology},
        Month = {July},
        Number = {1026},
        Title = {{CFAST} -- {Consolidated Model of Fire Growth and Smoke Transport (Version 6): Technical Reference Guide}},
        Type = {Special Publication},
        Year = 2011}

@manual{FDS_Users_Guide,
  author = {K. McGrattan and S. Hostikka and R. McDermott and J. Floyd and C. Weinschenk and K. Overholt},
  title = {{Fire Dynamics Simulator, User's Guide}},
  organization = {National Institute of Standards and Technology, Gaithersburg, Maryland, USA, and VTT Technical Research Centre of Finland, Espoo, Finland},
  year = 2013,
  month = {September},
  type   = {NIST Special Publication},
  number = 1019,
  edition = {sixth}
  }

@manual{FDS_Tech_Guide,
  author = {K. McGrattan and S. Hostikka and R. McDermott and J. Floyd and C. Weinschenk and K. Overholt},
  title = {{Fire Dynamics Simulator, Technical Reference Guide}},
  organization = {National Institute of Standards and Technology, Gaithersburg, Maryland, USA, and VTT Technical Research Centre of Finland, Espoo, Finland},
  year = 2013,
  month = {September},
  type   = {NIST Special Publication},
  number = 1018,
  edition = {sixth},
  note = {Vol.~1: Mathematical Model; Vol.~2: Verification Guide; Vol.~3: Validation Guide; Vol.~4: Configuration Management Plan}
  }

@manual{FDS_Math_Guide,
  author = {K. McGrattan and S. Hostikka and R. McDermott and J. Floyd and C. Weinschenk and K. Overholt},
  title = {{Fire Dynamics Simulator, Technical Reference Guide, Volume 1: Mathematical Model}},
  organization = "National Institute of Standards and Technology, Gaithersburg, Maryland, USA, and VTT Technical Research Centre of Finland, Espoo, Finland",
  year = 2013,
  month = "September",
  type   = "NIST Special Publication",
  number = "1018",
  edition = {sixth}
  }

@manual{FDS_Verification_Guide,
  author = {K. McGrattan and S. Hostikka and R. McDermott and J. Floyd and C. Weinschenk and K. Overholt},
  title = {{Fire Dynamics Simulator, Technical Reference Guide, Volume 2: Verification}},
  organization = "National Institute of Standards and Technology, Gaithersburg, Maryland, USA, and VTT Technical Research Centre of Finland, Espoo, Finland",
  year = 2013,
  month = "September",
  type   = "NIST Special Publication",
  number = "1018",
  edition = {sixth}
}

@manual{FDS_Validation_Guide,
  author = {K. McGrattan and S. Hostikka and R. McDermott and J. Floyd and C. Weinschenk and K. Overholt},
  title = {{Fire Dynamics Simulator, Technical Reference Guide, Volume 3: Validation}},
  organization = "National Institute of Standards and Technology, Gaithersburg, Maryland, USA, and VTT Technical Research Centre of Finland, Espoo, Finland",
  year = 2013,
  month = "September",
  type   = "NIST Special Publication",
  number = "1018",
  edition = {sixth}
  }

@manual{FDS_Configuration_Management_Plan,
  author = {K. McGrattan and S. Hostikka and R. McDermott and J. Floyd and C. Weinschenk and K. Overholt},
  title = {{Fire Dynamics Simulator, Technical Reference Guide, Volume 4: Configuration Management Plan}},
  organization = "National Institute of Standards and Technology, Gaithersburg, Maryland, USA, and VTT Technical Research Centre of Finland, Espoo, Finland",
  year = 2013,
  month = "September",
  type   = "NIST Special Publication",
  number = "1018",
  edition = {sixth}
  }

@techreport{Smokeview_Users_Guide,
  author = "Forney, G.P.",
  title = "{Smokeview (Version 6), A Tool for Visualizing Fire Dynamics Simulation Data,
  Volume I: User's Guide}",
  institution = "National Institute of Standards and Technology",
  year = 2013,
  month = "May",
  type   = "NIST Special Publication",
  number = "1017-1",
  address = "Gaithersburg, Maryland"
  }
