% This file was created with JabRef 2.9.2.
% Encoding: Cp1252

@INBOOK{Notarianni:SFPE,
  chapter = {5-4 Uncertainty},
  title = {SFPE Handbook of Fire Protection Engineering},
  publisher = {National Fire Protection Association},
  year = {2008},
  editor = {DiNenno, P.J.},
  author = {Notarianni, K.A. and G.W. Parry},
  address = {Quincy, Massachusetts},
  edition = {4th},
  owner = {Martin Clouthier},
  timestamp = {2014.02.23}
}

@BOOK{Morgan,
  title = {Uncertainty: A Guide to Dealing with Uncertainty in Quantitative
	Risk and Policy Analysis},
  publisher = {Cambridge University Press},
  year = {1990},
  author = {Morgan, G.M. and Henrion, M.},
  address = {New York}
}

@TECHREPORT{NUREG:6850,
  author = {D. Stroup and A. Lindeman},
  title = {{EPRI/NRC-RES Fire PRA Methodology for Nuclear Power Facilities}},
  institution = {United States Nuclear Regulatory Commission},
  year = {2005},
  type = {EPRI 1011989/NUREG/CR-6850},
  address = {Washington, DC}
}

@MISC{NFPA:805,
  title = {{NFPA 805, Performance-Based Standard for Fire Protection for Light
	Water Reactor Electric Generating Plants}},
  year = {2010},
  institution = {National Fire Protection Association}
}

